<record><leader>00000cas a22000007a 4500</leader><controlfield tag="001">27001672</controlfield><controlfield tag="008">921119d188u188ucauwr ne      0    0eng d</controlfield><datafield ind1=" " ind2=" " tag="010"><subfield code="a">sn 92070125 </subfield></datafield><datafield ind1=" " ind2=" " tag="040"><subfield code="a">CNK</subfield><subfield code="b">eng</subfield><subfield code="c">CNK</subfield><subfield code="d">OCLCQ</subfield></datafield><datafield ind1=" " ind2=" " tag="042"><subfield code="a">msc</subfield></datafield><datafield ind1="0" ind2="4" tag="245"><subfield code="a">The Saturday enterprise.</subfield></datafield><datafield ind1=" " ind2=" " tag="260"><subfield code="a">Riverside, Calif. :</subfield><subfield code="b">J.A. Studabecker</subfield></datafield><datafield ind1=" " ind2=" " tag="300"><subfield code="a">v.</subfield></datafield><datafield ind1=" " ind2=" " tag="310"><subfield code="a">Weekly</subfield></datafield><datafield ind1=" " ind2=" " tag="588"><subfield code="a">Description based on: Vol. 2, no. 71 (Aug. 21, 1886).</subfield></datafield><datafield ind1=" " ind2="4" tag="651"><subfield code="a">Riverside County (Calif.)</subfield><subfield code="v">Newspapers.</subfield></datafield><datafield ind1=" " ind2="4" tag="651"><subfield code="a">San Bernardino County (Calif.)</subfield><subfield code="v">Newspapers.</subfield></datafield><datafield ind1=" " ind2=" " tag="752"><subfield code="a">United States</subfield><subfield code="b">California</subfield><subfield code="c">Riverside</subfield><subfield code="d">Riverside.</subfield></datafield><datafield ind1="0" ind2="7" tag="785"><subfield code="t">Hub (Colton, Calif.)</subfield></datafield><datafield ind1="0" ind2="7" tag="785"><subfield code="t">Riverside enterprise (Riverside, Calif. : 1887)</subfield><subfield code="w">(DLC)sn 92070126</subfield></datafield><datafield ind1="1" ind2=" " tag="029"><subfield code="a">AU@</subfield><subfield code="b">000020736744</subfield></datafield></record>